%% LaTeX2e file `reference.bib'
%% generated by the `filecontents' environment
%% from source `shtthesis-user-guide' on 2021/09/02.
%%
%% rebuttal
@article{peng2020discretely,
	title={Discretely-constrained deep network for weakly supervised segmentation},
	author={Peng, Jizong and Kervadec, Hoel and Dolz, Jose and Ayed, Ismail Ben and Pedersoli, Marco and Desrosiers, Christian},
	journal={Neural Networks},
	volume={130},
	pages={297--308},
	year={2020},
	publisher={Elsevier}
}

@article{oktay2017anatomically,
	title={Anatomically constrained neural networks (ACNNs): application to cardiac image enhancement and segmentation},
	author={Oktay, Ozan and Ferrante, Enzo and Kamnitsas, Konstantinos and Heinrich, Mattias and Bai, Wenjia and Caballero, Jose and Cook, Stuart A and De Marvao, Antonio and Dawes, Timothy and Oâ€˜Regan, Declan P and others},
	journal={IEEE transactions on medical imaging},
	volume={37},
	number={2},
	pages={384--395},
	year={2017},
	publisher={IEEE}
}

@inproceedings{baumgartner2017exploration,
	title={An exploration of 2D and 3D deep learning techniques for cardiac MR image segmentation},
	author={Baumgartner, Christian F and Koch, Lisa M and Pollefeys, Marc and Konukoglu, Ender},
	booktitle={International Workshop on Statistical Atlases and Computational Models of the Heart},
	pages={111--119},
	year={2017},
	organization={Springer}
}


%% autoencoder
@InProceedings{Sundermeyer_2018_ECCV,
	author = {Sundermeyer, Martin and Marton, Zoltan-Csaba and Durner, Maximilian and Brucker, Manuel and Triebel, Rudolph},
	title = {Implicit 3D Orientation Learning for 6D Object Detection from RGB Images},
	booktitle = {ECCV},
	year = {2018}
}

@article{vincent2010stacked,
	title={Stacked denoising autoencoders: Learning useful representations in a deep network with a local denoising criterion.},
	author={Vincent, Pascal and Larochelle, Hugo and Lajoie, Isabelle and Bengio, Yoshua and Manzagol, Pierre-Antoine and Bottou, L{\'e}on},
	journal={JMLR},
	year={2010}
}

%% SOTA
@inproceedings{tang2018regularized,
	title={On regularized losses for weakly-supervised cnn segmentation},
	author={Tang, Meng and Perazzi, Federico and Djelouah, Abdelaziz and Ben Ayed, Ismail and Schroers, Christopher and Boykov, Yuri},
	booktitle={ECCV},
	year={2018}
}

@inproceedings{kervadec2020bounding,
	title={Bounding boxes for weakly supervised segmentation: Global constraints get close to full supervision},
	author={Kervadec, Hoel and Dolz, Jose and Wang, Shanshan and Granger, Eric and ben Ayed, Ismail},
	booktitle={MIDL},
	year={2020}
}

@article{isensee2019automated_old,
	title={Automated design of deep learning methods for biomedical image segmentation},
	author={Isensee, Fabian and J{\"a}ger, Paul F and Kohl, Simon AA and Petersen, Jens and Maier-Hein, Klaus H},
	journal={arXiv preprint arXiv:1904.08128},
	year={2019}
}

%%Isensee2020nnUNetAS,
@article{isensee2019automated,
	title={nnU-Net: a self-configuring method for deep learning-based biomedical image segmentation.},
	author={Fabian Isensee and Paul F. Jaeger and Simon A. A. Kohl and J. Petersen and Klaus Maier-Hein},
	journal={Nature methods},
	year={2020}
}

% Dataset
@article{litjens2014evaluation,
	title={Evaluation of prostate segmentation algorithms for MRI: the PROMISE12 challenge},
	author={Litjens, Geert and Toth, Robert and van de Ven, Wendy and Hoeks, Caroline and Kerkstra, Sjoerd and van Ginneken, Bram and Vincent, Graham and Guillard, Gwenael and Birbeck, Neil and Zhang, Jindang and others},
	journal={Medical image analysis},
	year={2014},
}

@article{trullo2019multiorgan,
	title={Multiorgan segmentation using distance-aware adversarial networks},
	author={Trullo, Roger and Petitjean, Caroline and Dubray, Bernard and Ruan, Su},
	journal={Journal of Medical Imaging},
	year={2019},
}

@inproceedings{yu2019uncertainty,
	title={Uncertainty-aware self-ensembling model for semi-supervised 3D left atrium segmentation},
	author={Yu, Lequan and Wang, Shujun and Li, Xiaomeng and Fu, Chi-Wing and Heng, Pheng-Ann},
	booktitle={MICCAI},
	year={2019},
}

@misc{pascal-voc-2012,
	author = "Everingham, M. and Van~Gool, L. and Williams, C. K. I. and Winn, J. and Zisserman, A.",
	title = "The {PASCAL} {V}isual {O}bject {C}lasses {C}hallenge 2012 {(VOC2012)} {R}esults",
	howpublished = "http://www.pascal-network.org/challenges/VOC/voc2012/workshop/index.html"
}

@article{everingham2010pascal,
	title={The pascal visual object classes (voc) challenge},
	author={Everingham, Mark and Van Gool, Luc and Williams, Christopher KI and Winn, John and Zisserman, Andrew},
	journal={IJCV},
	year={2010}
}


% weak medical
@article{kervadec2019constrained,
	title={Constrained-CNN losses for weakly supervised segmentation},
	author={Kervadec, Hoel and Dolz, Jose and Tang, Meng and Granger, Eric and Boykov, Yuri and Ayed, Ismail Ben},
	journal={Medical image analysis},
	year={2019},
}



% related: self-taught learning
@inproceedings{raina2007self,
	title={Self-taught learning: transfer learning from unlabeled data},
	author={Raina, Rajat and Battle, Alexis and Lee, Honglak and Packer, Benjamin and Ng, Andrew Y},
	booktitle={ICML},
	year={2007}
}

@inproceedings{wang2013robust,
	title={Robust and discriminative self-taught learning},
	author={Wang, Hua and Nie, Feiping and Huang, Heng},
	booktitle={ICML},
	year={2013}
}

@article{li2017self,
	title={Self-taught low-rank coding for visual learning},
	author={Li, Sheng and Li, Kang and Fu, Yun},
	journal={NeurIPS},
	year={2017},
}

@inproceedings{dai2008self,
	title={Self-taught clustering},
	author={Dai, Wenyuan and Yang, Qiang and Xue, Gui-Rong and Yu, Yong},
	booktitle={ICML},
	year={2008}
}

@article{kuen2015self,
	title={Self-taught learning of a deep invariant representation for visual tracking via temporal slowness principle},
	author={Kuen, Jason and Lim, Kian Ming and Lee, Chin Poo},
	journal={Pattern recognition},
	year={2015},
}

@inproceedings{bazzani2016self,
	title={Self-taught object localization with deep networks},
	author={Bazzani, Loris and Bergamo, Alessandra and Anguelov, Dragomir and Torresani, Lorenzo},
	booktitle={WACV},
	year={2016},
}

@inproceedings{jie2017deep,
	title={Deep self-taught learning for weakly supervised object localization},
	author={Jie, Zequn and Wei, Yunchao and Jin, Xiaojie and Feng, Jiashi and Liu, Wei},
	booktitle={CVPR},
	year={2017}
}

@article{feng2020autoencoder,
	title={Autoencoder based sample selection for self-taught learning},
	author={Feng, Siwei and Yu, Han and Duarte, Marco F},
	journal={Knowledge-Based Systems},
	year={2020},
}

% related: wsss
% wsss: image
@inproceedings{wang2020self,
	title={Self-supervised Equivariant Attention Mechanism for Weakly Supervised Semantic Segmentation},
	author={Wang, Yude and Zhang, Jie and Kan, Meina and Shan, Shiguang and Chen, Xilin},
	booktitle={CVPR},
	year={2020}
}

@inproceedings{fan2020learning,
	title={Learning Integral Objects With Intra-Class Discriminator for Weakly-Supervised Semantic Segmentation},
	author={Fan, Junsong and Zhang, Zhaoxiang and Song, Chunfeng and Tan, Tieniu},
	booktitle={CVPR},
	year={2020}
}

@inproceedings{chang2020weakly,
	title={Weakly-Supervised Semantic Segmentation via Sub-Category Exploration},
	author={Chang, Yu-Ting and Wang, Qiaosong and Hung, Wei-Chih and Piramuthu, Robinson and Tsai, Yi-Hsuan and Yang, Ming-Hsuan},
	booktitle={CVPR},
	year={2020}
}

@article{sun2020mining,
	title={Mining cross-image semantics for weakly supervised semantic segmentation},
	author={Sun, Guolei and Wang, Wenguan and Dai, Jifeng and Van Gool, Luc},
	journal={arXiv preprint arXiv:2007.01947},
	year={2020}
}

@inproceedings{kolesnikov2016seed,
	title={Seed, expand and constrain: Three principles for weakly-supervised image segmentation},
	author={Kolesnikov, Alexander and Lampert, Christoph H},
	booktitle={ECCV},
	year={2016},
}

@inproceedings{huang2018weakly,
	title={Weakly-supervised semantic segmentation network with deep seeded region growing},
	author={Huang, Zilong and Wang, Xinggang and Wang, Jiasi and Liu, Wenyu and Wang, Jingdong},
	booktitle={CVPR},
	year={2018}
}

@inproceedings{wang2018weakly,
	title={Weakly-supervised semantic segmentation by iteratively mining common object features},
	author={Wang, Xiang and You, Shaodi and Li, Xi and Ma, Huimin},
	booktitle={CVPR},
	year={2018}
}

% wsss: box
@inproceedings{dai2015boxsup,
	title={Boxsup: Exploiting bounding boxes to supervise convolutional networks for semantic segmentation},
	author={Dai, Jifeng and He, Kaiming and Sun, Jian},
	booktitle={ICCV},
	year={2015}
}

@inproceedings{khoreva2017simple,
	title={Simple does it: Weakly supervised instance and semantic segmentation},
	author={Khoreva, Anna and Benenson, Rodrigo and Hosang, Jan and Hein, Matthias and Schiele, Bernt},
	booktitle={CVPR},
	year={2017}
}

@inproceedings{song2019box,
	title={Box-driven class-wise region masking and filling rate guided loss for weakly supervised semantic segmentation},
	author={Song, Chunfeng and Huang, Yan and Ouyang, Wanli and Wang, Liang},
	booktitle={CVPR},
	year={2019}
}

@inproceedings{papandreou2015weakly,
	title={Weakly-and semi-supervised learning of a deep convolutional network for semantic image segmentation},
	author={Papandreou, George and Chen, Liang-Chieh and Murphy, Kevin P and Yuille, Alan L},
	booktitle={ICCV},
	year={2015}
}

% wsss: scribble
@inproceedings{lin2016scribblesup,
	title={Scribblesup: Scribble-supervised convolutional networks for semantic segmentation},
	author={Lin, Di and Dai, Jifeng and Jia, Jiaya and He, Kaiming and Sun, Jian},
	booktitle={CVPR},
	year={2016}
}

@inproceedings{vernaza2017learning,
	title={Learning random-walk label propagation for weakly-supervised semantic segmentation},
	author={Vernaza, Paul and Chandraker, Manmohan},
	booktitle={CVPR},
	year={2017}
}

% wsss: point
@inproceedings{maninis2018deep,
	title={Deep extreme cut: From extreme points to object segmentation},
	author={Maninis, Kevis-Kokitsi and Caelles, Sergi and Pont-Tuset, Jordi and Van Gool, Luc},
	booktitle={CVPR},
	year={2018}
}

@inproceedings{bearman2016s,
	title={Whatâ€™s the point: Semantic segmentation with point supervision},
	author={Bearman, Amy and Russakovsky, Olga and Ferrari, Vittorio and Fei-Fei, Li},
	booktitle={ECCV},
	year={2016},
}

@inproceedings{papadopoulos2017extreme,
	title={Extreme clicking for efficient object annotation},
	author={Papadopoulos, Dim P and Uijlings, Jasper RR and Keller, Frank and Ferrari, Vittorio},
	booktitle={ICCV},
	year={2017}
}

% wsss: medical
@article{rajchl2016deepcut,
	title={Deepcut: Object segmentation from bounding box annotations using convolutional neural networks},
	author={Rajchl, Martin and Lee, Matthew CH and Oktay, Ozan and Kamnitsas, Konstantinos and Passerat-Palmbach, Jonathan and Bai, Wenjia and Damodaram, Mellisa and Rutherford, Mary A and Hajnal, Joseph V and Kainz, Bernhard and others},
	journal={IEEE TMI},
	year={2016},
}

@inproceedings{cai2018accurate,
	title={Accurate weakly-supervised deep lesion segmentation using large-scale clinical annotations: Slice-propagated 3d mask generation from 2d recist},
	author={Cai, Jinzheng and Tang, Youbao and Lu, Le and Harrison, Adam P and Yan, Ke and Xiao, Jing and Yang, Lin and Summers, Ronald M},
	booktitle={MICCAI},
	year={2018},
}

@incollection{can2018learning,
	title={Learning to segment medical images with scribble-supervision alone},
	author={Can, Yigit B and Chaitanya, Krishna and Mustafa, Basil and Koch, Lisa M and Konukoglu, Ender and Baumgartner, Christian F},
	booktitle={Deep Learning in Medical Image Analysis and Multimodal Learning for Clinical Decision Support},
	year={2018},
}

@inproceedings{ji2019scribble,
	title={Scribble-based hierarchical weakly supervised learning for brain tumor segmentation},
	author={Ji, Zhanghexuan and Shen, Yan and Ma, Chunwei and Gao, Mingchen},
	booktitle={MICCAI},
	year={2019},
}


% wsss: constraint
@inproceedings{pathak2015constrained,
	title={Constrained convolutional neural networks for weakly supervised segmentation},
	author={Pathak, Deepak and Krahenbuhl, Philipp and Darrell, Trevor},
	booktitle={ICCV},
	year={2015}
}

% related: denoising autoencoder
@inproceedings{vincent2008extracting,
	title={Extracting and composing robust features with denoising autoencoders},
	author={Vincent, Pascal and Larochelle, Hugo and Bengio, Yoshua and Manzagol, Pierre-Antoine},
	booktitle={ICML},
	year={2008}
}

@article{geras2014scheduled,
	title={Scheduled denoising autoencoders},
	author={Geras, Krzysztof J and Sutton, Charles},
	journal={arXiv preprint arXiv:1406.3269},
	year={2014}
}

@inproceedings{xiong2016denoising,
	title={Denoising auto-encoders toward robust unsupervised feature representation},
	author={Xiong, Wei and Du, Bo and Zhang, Lefei and Zhang, Liangpei and Tao, Dacheng},
	booktitle={IJCNN},
	year={2016},
}

@inproceedings{gondara2016medical,
	title={Medical image denoising using convolutional denoising autoencoders},
	author={Gondara, Lovedeep},
	booktitle={ICDMW},
	year={2016},
}

% intro_add
@inproceedings{milletari2016v,
	title={V-net: Fully convolutional neural networks for volumetric medical image segmentation},
	author={Milletari, Fausto and Navab, Nassir and Ahmadi, Seyed-Ahmad},
	booktitle={3DV},
	year={2016},
}

@inproceedings{pinheiro2015image,
	title={From image-level to pixel-level labeling with convolutional networks},
	author={Pinheiro, Pedro O and Collobert, Ronan},
	booktitle={CVPR},
	year={2015}
}

@article{rother2004grabcut,
  title={"GrabCut" interactive foreground extraction using iterated graph cuts},
  author={Rother, Carsten and Kolmogorov, Vladimir and Blake, Andrew},
  journal={ACM transactions on graphics (TOG)},
  year={2004},
  publisher={ACM New York, NY, USA}
}



%% NSS
% Introduction
@article{li2019supervised,
	title={Un-supervised and semi-supervised hand segmentation in egocentric images with noisy label learning},
	author={Li, Yinlin and Jia, Lihao and Wang, Zidong and Qian, Yang and Qiao, Hong},
	journal={Neurocomputing},
	year={2019},
}
@article{qin2018superpixel,
	title={Superpixel-based and boundary-sensitive convolutional neural network for automated liver segmentation},
	author={Qin, Wenjian and Wu, Jia and Han, Fei and Yuan, Yixuan and Zhao, Wei and Ibragimov, Bulat and Gu, Jia and Xing, Lei},
	journal={Physics in Medicine \& Biology},
	year={2018},
}
@article{tian2015superpixel,
	title={Superpixel-based segmentation for 3D prostate MR images},
	author={Tian, Zhiqiang and Liu, Lizhi and Zhang, Zhenfeng and Fei, Baowei},
	journal={IEEE transactions on medical imaging},
	year={2015},
}
@article{daoud2019automatic,
	title={Automatic superpixel-based segmentation method for breast ultrasound images},
	author={Daoud, Mohammad I and Atallah, Ayman A and Awwad, Falah and Al-Najjar, Mahasen and Alazrai, Rami},
	journal={Expert Systems with Applications},
	year={2019},
}

@misc{he2015deep,
	title={Deep Residual Learning for Image Recognition}, 
	author={Kaiming He and Xiangyu Zhang and Shaoqing Ren and Jian Sun},
	year={2015},
	archivePrefix={arXiv},
}
@misc{zhang2017understanding,
	title={Understanding deep learning requires rethinking generalization}, 
	author={Chiyuan Zhang and Samy Bengio and Moritz Hardt and Benjamin Recht and Oriol Vinyals},
	year={2017},
	archivePrefix={arXiv}
}
@article{Ching2018OpportunitiesAO,
	title={Opportunities and obstacles for deep learning in biology and medicine},
	author={T. Ching and Daniel S. Himmelstein and others},
	journal={Journal of the Royal Society Interface},
	year={2018},
}

@article{Litjens_2017,
	title={A survey on deep learning in medical image analysis},
	journal={Medical Image Analysis},
	author={Litjens, Geert and Kooi, Thijs and Bejnordi, Babak Ehteshami and Setio, Arnaud Arindra Adiyoso and Ciompi, Francesco and Ghafoorian, Mohsen and van der Laak, Jeroen A.W.M. and van Ginneken, Bram and SÃ¡nchez, Clara I.},
	year={2017},
}
@article{Shen2017DeepLI,
	title={Deep Learning in Medical Image Analysis.},
	author={D. Shen and G. Wu and H. Suk},
	journal={Annual review of biomedical engineering},
	year={2017},
}
@article{Topol2019HighperformanceMT,
	title={High-performance medicine: the convergence of human and artificial intelligence},
	author={E. Topol},
	journal={Nature Medicine},
	year={2019},
}
@article{Kohli2017MedicalID,
	title={Medical Image Data and Datasets in the Era of Machine Learningâ€”Whitepaper from the 2016 C-MIMI Meeting Dataset Session},
	author={M. Kohli and R. Summers and J. Geis},
	journal={Journal of Digital Imaging},
	year={2017},
}
@article{Langlotz2019ARF,
	title={A Roadmap for Foundational Research on Artificial Intelligence in Medical Imaging: From the 2018 NIH/RSNA/ACR/The Academy Workshop.},
	author={C. Langlotz and Bibb Allen and B. Erickson and J. Kalpathy-Cramer and K. Bigelow and T. Cook and A. Flanders and M. Lungren and D. Mendelson and J. Rudie and G. Wang and K. Kandarpa},
	journal={Radiology},
	year={2019},
}

@article{Rav2017DeepLF,
	title={Deep Learning for Health Informatics},
	author={D. Rav{\`i} and Charence Wong and F. Deligianni and M. Berthelot and Javier Andreu-Perez and Benny P. L. Lo and G. Yang},
	journal={IEEE Journal of Biomedical and Health Informatics},
	year={2017},
}
@INPROCEEDINGS{7046014,
	author={D. {Gurari} and D. {Theriault} and others},  
	booktitle={2015 IEEE Winter Conference on Applications of Computer Vision},   
	title={How to Collect Segmentations for Biomedical Images? A Benchmark Evaluating the Performance of Experts, Crowdsourced Non-experts, and Algorithms},   
	year={2015},
}


% label refinement
@article{Han2019DeepSF,
	title={Deep Self-Learning From Noisy Labels},
	author={Jiangfan Han and Ping Luo and X. Wang},
	journal={2019 IEEE/CVF International Conference on Computer Vision (ICCV)},
	year={2019},
}
@article{Zhong2019UnequalTrainingFD,
	title={Unequal-Training for Deep Face Recognition With Long-Tailed Noisy Data},
	author={Yaoyao Zhong and W. Deng and M. Wang and Jiani Hu and Jianteng Peng and Xunqiang Tao and Y. Huang},
	journal={2019 IEEE/CVF Conference on Computer Vision and Pattern Recognition (CVPR)},
	year={2019},
}

@article{Khler2019UncertaintyBD,
	title={Uncertainty Based Detection and Relabeling of Noisy Image Labels},
	author={J. K{\"o}hler and Maximilian Autenrieth and William H. Beluch},
	journal={ArXiv},
	year={2019},
}

%
@inproceedings{ren2018learning,
  title={Learning to reweight examples for robust deep learning},
  author={Ren, Mengye and Zeng, Wenyuan and Yang, Bin and Urtasun, Raquel},
  booktitle={ICML},
  year={2018},
}

@article{jiang2018mentornet,
	title={MentorNet: Learning Data-Driven Curriculum for Very Deep Neural Networks on Corrupted Labels}, 
	author={Lu Jiang and Zhengyuan Zhou and Thomas Leung and Li-Jia Li and Li Fei-Fei},
	year={2018},
	journal={ArXiv},
}

@article{mirikharaji2019learning,
	title={Learning to Segment Skin Lesions from Noisy Annotations}, 
	author={Zahra Mirikharaji and Yiqi Yan and Ghassan Hamarneh},
	year={2019},
	journal={ArXiv},
}

@article{Wei2020CombatingNL,
  title={Combating Noisy Labels by Agreement: A Joint Training Method with Co-Regularization},
  author={H. Wei and Lei Feng and Xiangyu Chen and Bo An},
  journal={CVPR},
  year={2020}
}

@inproceedings{Han2018CoteachingRT,
  title={Co-teaching: Robust training of deep neural networks with extremely noisy labels},
  author={B. Han and Quanming Yao and Xingrui Yu and Gang Niu and M. Xu and Weihua Hu and I. Tsang and Masashi Sugiyama},
  booktitle={NeurIPS},
  year={2018}
}

@inproceedings{Zhang2020RobustMI,
  title={Robust Medical Image Segmentation from Non-expert Annotations with Tri-network},
  author={Tianwei Zhang and Lequan Yu and Na Hu and S. Lv and S. Gu},
  booktitle={MICCAI},
  year={2020}
}

@inproceedings{Xue2020CascadedRL,
  title={Cascaded Robust Learning at Imperfect Labels for Chest X-ray Segmentation},
  author={Cheng Xue and Qiao Deng and X. Li and Qi Dou and P. Heng},
  booktitle={MICCAI},
  year={2020}
}

@inproceedings{Zhang2020CharacterizingLE,
  title={Characterizing Label Errors: Confident Learning for Noisy-Labeled Image Segmentation},
  author={Minqing Zhang and Jiantao Gao and Zhen Lyu and Weibing Zhao and Qin Wang and Weizhen Ding and S. Wang and Zhuguo Li and Shuguang Cui},
  booktitle={MICCAI},
  year={2020}
}

% dataset
@article{Shiraishi2000DevelopmentOA,
  title={Development of a digital image database for chest radiographs with and without a lung nodule: receiver operating characteristic analysis of radiologists' detection of pulmonary nodules.},
  author={J. Shiraishi and S. Katsuragawa and J. Ikezoe and T. Matsumoto and T. Kobayashi and K. Komatsu and M. Matsui and H. Fujita and Y. Kodera and K. Doi},
  journal={AJR. American journal of roentgenology},
  year={2000},
}
@article{Ginneken2006SegmentationOA,
  title={Segmentation of anatomical structures in chest radiographs using supervised methods: a comparative study on a public database},
  author={B. Ginneken and M. B. Stegmann and M. Loog},
  journal={Medical image analysis},
  year={2006},
}
@article{Gutman2018SkinLA,
  title={Skin lesion analysis toward melanoma detection: A challenge at the 2017 International symposium on biomedical imaging (ISBI), hosted by the international skin imaging collaboration (ISIC)},
  author={D. Gutman and Noel C. F. Codella and M. E. Celebi and Brian Helba and M. Marchetti and N. Mishra and A. Halpern},
  journal={ISBI},
  year={2018}
}

% others
@article{Yi2019ProbabilisticEN,
  title={Probabilistic End-To-End Noise Correction for Learning With Noisy Labels},
  author={Kun Yi and J. Wu},
  journal={CVPR},
  year={2019},
}
@inproceedings{Zhu2019PickandLearnAQ,
  title={Pick-and-Learn: Automatic Quality Evaluation for Noisy-Labeled Image Segmentation},
  author={H. Zhu and Jialin Shi and J. Wu},
  booktitle={MICCAI},
  year={2019}
}

@inproceedings{arpit2017closer,
  title={A closer look at memorization in deep networks},
  author={Arpit, Devansh and others},
  booktitle={ICML},
  year={2017}
}
@article{Northcutt2019ConfidentLE,
  title={Confident Learning: Estimating Uncertainty in Dataset Labels},
  author={Curtis G. Northcutt and Lu Jiang and I. Chuang},
  journal={ArXiv},
  year={2019},
}
@article{Isensee2020nnUNetAS,
  title={nnU-Net: a self-configuring method for deep learning-based biomedical image segmentation.},
  author={Fabian Isensee and Paul F. Jaeger and Simon A. A. Kohl and J. Petersen and Klaus Maier-Hein},
  journal={Nature methods},
  year={2020}
}
@inproceedings{Malach2017DecouplingT,
  title={Decoupling "when to update" from "how to update"},
  author={Eran Malach and S. Shalev-Shwartz},
  booktitle={NIPS},
  year={2017}
}
@article{Achanta2012SLICSC,
  title={SLIC Superpixels Compared to State-of-the-Art Superpixel Methods},
  author={R. Achanta and A. Shaji and K. Smith and A. Lucchi and P. Fua and S. S{\"u}sstrunk},
  journal={IEEE Transactions on Pattern Analysis and Machine Intelligence},
  year={2012},
}

%% Thesis additional
@inproceedings{lin2014microsoft,
  title={Microsoft coco: Common objects in context},
  author={Lin, Tsung-Yi and Maire, Michael and Belongie, Serge and Hays, James and Perona, Pietro and Ramanan, Deva and Doll{\'a}r, Piotr and Zitnick, C Lawrence},
  booktitle={European conference on computer vision},
  pages={740--755},
  year={2014},
  organization={Springer}
}
@article{damodaram2012foetal,
  title={Foetal volumetry using magnetic resonance imaging in intrauterine growth restriction},
  author={Damodaram, Mellisa S and Story, Lisa and Eixarch, Elisanda and Patkee, Prachi and Patel, Abhilasha and Kumar, Sailesh and Rutherford, Mary},
  journal={Early human development},
  volume={88},
  pages={S35--S40},
  year={2012},
  publisher={Elsevier}
}
@inproceedings{roth2014new,
  title={A new 2.5 D representation for lymph node detection using random sets of deep convolutional neural network observations},
  author={Roth, Holger R and Lu, Le and Seff, Ari and Cherry, Kevin M and Hoffman, Joanne and Wang, Shijun and Liu, Jiamin and Turkbey, Evrim and Summers, Ronald M},
  booktitle={MICCAI},
  pages={520--527},
  year={2014},
  organization={Springer}
}
@inproceedings{yan2018deep,
  title={Deep lesion graphs in the wild: relationship learning and organization of significant radiology image findings in a diverse large-scale lesion database},
  author={Yan, Ke and Wang, Xiaosong and Lu, Le and Zhang, Ling and Harrison, Adam P and Bagheri, Mohammadhadi and Summers, Ronald M},
  booktitle={CVPR},
  pages={9261--9270},
  year={2018}
}
@article{Liew2018ALO,
  title={A large, open source dataset of stroke anatomical brain images and manual lesion segmentations},
  author={S. Liew and J. Anglin and Nicholas W Banks and M. Sondag and Kaori L. Ito and Hosung Kim and Jennifer Chan and Joyce Ito and Connie Jung and Nima Khoshab and S. Lefebvre and William Nakamura and David Saldana and Allie Schmiesing and Cathy Tran and Danny Vo and Tyler Ard and P. Heydari and Bokkyu Kim and L. Aziz-Zadeh and S. Cramer and Jingchun Liu and S. Soekadar and J. Nordvik and L. Westlye and Junping Wang and C. Winstein and Chunshui Yu and Lei Ai and Bonhwang Koo and R. Craddock and M. Milham and Matthew Lakich and A. Pienta and Alison Stroud},
  journal={Scientific Data},
  year={2018},
  volume={5}
}
@article{Litjens2014EvaluationOP,
  title={Evaluation of prostate segmentation algorithms for MRI: The PROMISE12 challenge},
  author={G. Litjens and R. Toth and W. J. M. Ven and C. Hoeks and Sjoerd Kerkstra and B. Ginneken and G. Vincent and G. Guillard and N. Birbeck and Jindang Zhang and R. Strand and F. Malmberg and Y. Ou and C. Davatzikos and M. Kirschner and Florian Jung and Jing Yuan and W. Qiu and Qinquan Gao and P. Edwards and B. Maan and F. Heijden and S. Ghose and J. Mitra and J. Dowling and D. Barratt and H. Huisman and A. Madabhushi},
  journal={Medical image analysis},
  year={2014},
  volume={18 2},
  pages={
          359-73
        }
}
@inproceedings{hodan2017t,
  title={T-LESS: An RGB-D dataset for 6D pose estimation of texture-less objects},
  author={Hodan, Tom{\'a}{\v{s}} and Haluza, Pavel and Obdr{\v{z}}{\'a}lek, {\v{S}}tep{\'a}n and Matas, Jiri and Lourakis, Manolis and Zabulis, Xenophon},
  booktitle={2017 IEEE Winter Conference on Applications of Computer Vision (WACV)},
  pages={880--888},
  year={2017},
  organization={IEEE}
}
@inproceedings{hinterstoisser2011multimodal,
  title={Multimodal templates for real-time detection of texture-less objects in heavily cluttered scenes},
  author={Hinterstoisser, Stefan and Holzer, Stefan and Cagniart, Cedric and Ilic, Slobodan and Konolige, Kurt and Navab, Nassir and Lepetit, Vincent},
  booktitle={2011 international conference on computer vision},
  pages={858--865},
  year={2011},
  organization={IEEE}
}
@inproceedings{long2015fully,
  title={Fully convolutional networks for semantic segmentation},
  author={Long, Jonathan and Shelhamer, Evan and Darrell, Trevor},
  booktitle={CVPR},
  pages={3431--3440},
  year={2015}
}
@inproceedings{ronneberger2015u,
  title={U-net: Convolutional networks for biomedical image segmentation},
  author={Ronneberger, Olaf and Fischer, Philipp and Brox, Thomas},
  booktitle={MICCAI},
  pages={234--241},
  year={2015},
  organization={Springer}
}
@inproceedings{lambert2020segthor,
  title={SegTHOR: Segmentation of thoracic organs at risk in CT images},
  author={Lambert, Zo{\'e} and Petitjean, Caroline and Dubray, Bernard and Kuan, Su},
  booktitle={2020 Tenth International Conference on Image Processing Theory, Tools and Applications (IPTA)},
  pages={1--6},
  year={2020},
  organization={IEEE}
}
@article{kavur2021chaos,
  title={CHAOS challenge-combined (CT-MR) healthy abdominal organ segmentation},
  author={Kavur, A Emre and Gezer, N Sinem and Bar{\i}{\c{s}}, Mustafa and Aslan, Sinem and Conze, Pierre-Henri and Groza, Vladimir and Pham, Duc Duy and Chatterjee, Soumick and Ernst, Philipp and {\"O}zkan, Sava{\c{s}} and others},
  journal={Medical Image Analysis},
  volume={69},
  pages={101950},
  year={2021},
  publisher={Elsevier}
}
@article{chen2017deeplab,
  title={Deeplab: Semantic image segmentation with deep convolutional nets, atrous convolution, and fully connected crfs},
  author={Chen, Liang-Chieh and Papandreou, George and Kokkinos, Iasonas and Murphy, Kevin and Yuille, Alan L},
  journal={IEEE transactions on pattern analysis and machine intelligence},
  volume={40},
  number={4},
  pages={834--848},
  year={2017},
  publisher={IEEE}
}
@inproceedings{zhao2017pyramid,
  title={Pyramid scene parsing network},
  author={Zhao, Hengshuang and Shi, Jianping and Qi, Xiaojuan and Wang, Xiaogang and Jia, Jiaya},
  booktitle={Proceedings of the IEEE conference on computer vision and pattern recognition},
  pages={2881--2890},
  year={2017}
}

% intro+
@incollection{coates2012learning,
  title={Learning feature representations with k-means},
  author={Coates, Adam and Ng, Andrew Y},
  booktitle={Neural networks: Tricks of the trade},
  pages={561--580},
  year={2012},
  publisher={Springer}
}
@article{ying2005fast,
  title={Fast algorithm for two-dimensional Otsu adaptive threshold algorithm [J]},
  author={Ying-ming, HAO and Feng, ZHU},
  journal={Journal of Image and Graphics},
  volume={4},
  pages={484--485},
  year={2005}
}
@inproceedings{shotton2008semantic,
  title={Semantic texton forests for image categorization and segmentation},
  author={Shotton, Jamie and Johnson, Matthew and Cipolla, Roberto},
  booktitle={2008 IEEE conference on computer vision and pattern recognition},
  pages={1--8},
  year={2008},
  organization={IEEE}
}
@inproceedings{vicente2008graph,
  title={Graph cut based image segmentation with connectivity priors},
  author={Vicente, Sara and Kolmogorov, Vladimir and Rother, Carsten},
  booktitle={2008 IEEE conference on computer vision and pattern recognition},
  pages={1--8},
  year={2008},
  organization={IEEE}
}
@inproceedings{he2021weakly,
  title={Weakly Supervised Volumetric Segmentation via Self-taught Shape Denoising Model},
  author={He, Qian and Li, Shuailin and He, Xuming},
  booktitle={Medical Imaging with Deep Learning},
  year={2021}
}